@techreport{Ragkhitwetsagul_RN2017,
	author = {Ragkhitwetsagul, Chaiyong and Krinke, Jens},
	booktitle = {UCL Computer Science Research Notes},
	title = {Awareness and Experience of Developers to Outdated and License-violating Code on Stack Overflow: The Online Survey},
	url = {http://to.be.added},
	volume = {N/A},
	year = {2017}
}

@article{Abdalkareem2017,
	author = {Abdalkareem, Rabe and Shihab, Emad and Rilling, Juergen},
	journal = {Information and Software Technology},
	month = {aug},
	pages = {148--158},
	publisher = {Elsevier B.V.},
	title = {On code reuse from StackOverflow: An exploratory study on Android apps},
	volume = {88},
	year = {2017}
}

@inproceedings{Yang2017,
	author = {Yang, Di and Martins, Pedro and Saini, Vaibhav and Lopes, Cristina},
	booktitle = {Proceedings of the International Conference on Mining Software Repositories (MSR '17)},
	title = {Stack Overflow in Github: Any Snippets There?},
	year = {2017}
}

@inproceedings{Koschke2006,
	author = {Koschke, Rainer and Falke, Raimar and Frenzel, Pierre},
	booktitle = {Proceedings of the 13th Working Conference on Reverse Engineering (RE '06)},
	pages = {253--262},
	title = {Clone Detection Using Abstract Syntax Suffix Trees},
	year = {2006}
}

@Misc{pmd-cpd,
	key = {PMD CPD},
	OPTauthor = {},
	title =	 {PMD’s Copy/Paste Detector (CPD)},
	howpublished = {\url{https://pmd.github.io/pmd-5.8.1/usage/cpd-usage.html}},
	OPTmonth = 	 {},
	year =	 {2017},
	OPTnote = 	 {},
	OPTannote = 	 {}
}


@Misc{fairuse,
	key = {Fair Use},
	OPTauthor = {},
	title =	 {Intellectual Property for {CS} Students: Copyrights -- Fair Use},
	howpublished = {\url{https://www.cs.duke.edu/courses/cps182s/fall02/cscopyright/Copyrights/Copyright-Fairuse.htm}},
	OPTmonth = 	 {},
	year =	 {2017},
	OPTnote = 	 {},
	OPTannote = 	 {}
}

@inproceedings{Punter2003,
	author = {Punter, Teade and Ciolkowski, Marcus and Freimut, Bernd and John, Isabel},
	booktitle = {Proceedings of the International Symposium on Empirical Software Engineering (ISESE'03)},
	pages = {80--88},
	title = {Conducting on-line surveys in software engineering},
	year = {2003}
}

@article{Pfleeger2001,
	author = {Pfleeger, Shari Lawrence and Kitchenham, Barbara A.},
	journal = {Software Engineering Notes},
	number = {6},
	pages = {16},
	title = {Principles of survey research Part 1: Turning Lemons into Lemonade},
	volume = {26},
	year = {2001}
}

@article{Kitchenham2002,
	author = {Kitchenham, Barbara A. and Pfleeger, Shari Lawrence},
	journal = {Software Engineering Notes},
	number = {1},
	pages = {18--20},
	title = {{Principles of Survey Research Part 2: Designing a Survey Sample size Experimental designs}},
	volume = {27},
	year = {2002}
}

@inproceedings{Gabel2010,
	author = {Gabel, Mark and Su, Zhendong},
	booktitle = {FSE '10},
	pages = {147},
	title = {A study of the uniqueness of source code},
	year = {2010}
}

@article{Sprigman2015,
	author = {Sprigman, Christopher Jon},
	journal = {Communications of the ACM},
	number = {5},
	pages = {27--29},
	title = {{Oracle} v. {Google}},
	volume = {58},
	year = {2015}
}

@inproceedings{Yang2016,
	author = {Yang, Di and Hussain, Aftab and Lopes, Cristina Videira},
	booktitle = {MSR '16},
	pages = {391--402},
	title = {From Query to Usable Code: An Analysis of {Stack Overflow} Code Snippets},
	year = {2016}
}

@inproceedings{Choetkiertikul2015,
	author = {Choetkiertikul, Morakot and Avery, Daniel and Dam, Hoa Khanh and Tran, Truyen and Ghose, Aditya},
	booktitle = {ASWEC '15},
	pages = {155--164},
	title = {Who Will Answer My Question on {Stack Overflow?}},
	year = {2015}
}

@inproceedings{An2017,
	author = {An, Le and Mlouki, Ons and Khomh, Foutse and Antoniol, Giuliano},
	booktitle = {SANER '17},
	title = {{Stack Overflow}: A Code Laundering Platform?},
	year = {2017}
}

@inproceedings{Krinke2001,
	author = {Krinke, Jens},
	booktitle = {WCRE '01},
	pages = {301--309},
	title = {Identifying similar code with program dependence graphs},
	year = {2001}
}

@inproceedings{Komondoor2001,
	author = {Komondoor, Raghavan and Horwitz, Susan},
	booktitle = {SAS'01},
	pages = {40--56},
	title = {Using Slicing to Identify Duplication in Source Code},
	year = {2001}
}

@inproceedings{Schleimer2003,
	author = {Schleimer, Saul and Wilkerson, Daniel S and Aiken, Alex},
	booktitle = {SIGMOD'03},
	title = {Winnowing: Local Algorithms for Document Fingerprinting},
	year = {2003}
}

@article{Duric2012,
	author = {Duric, Z. and Gasevic, D.},
	journal = {The Computer Journal},
	number = {1},
	pages = {70--86},
	title = {A Source Code Similarity System for Plagiarism Detection},
	volume = {56},
	year = {2012}
}

@inproceedings{Smith2009,
	author = {Smith, Randy and Horwitz, Susan},
	booktitle = {IWSC'09},
	title = {Detecting and Measuring Similarity in Code Clones},
	year = {2009}
}

@article{Burrows2007,
	author = {Burrows, Steven and Tahaghoghi, S. M. M. and Zobel, Justin},
	journal = {Software: Practice and Experience},
	number = {2},
	pages = {151--175},
	title = {Efficient plagiarism detection for large code repositories},
	volume = {37},
	year = {2007}
}

@article{Li2006,
	author = {Li, Zhenmin and Lu, Shan and Myagmar, Suvda and Zhou, Yuanyuan},
	journal = {Transactions on Software Engineering},
	number = {3},
	pages = {176--192},
	title = {{CP-Miner}: Finding copy-paste and related bugs in large-scale software code},
	volume = {32},
	year = {2006}
}

@article{Davies2013,
	author = {Davies, Julius and German, Daniel M. and Godfrey, Michael W. and Hindle, Abram},
	journal = {Empirical Software Engineering},
	pages = {1195--1237},
	title = {Software Bertillonage: Determining the provenance of software development artifacts},
	volume = {18},
	year = {2013}
}

@article{Prechelt2002,
	author = {Prechelt, Lutz and Malpohl, Guido and Philippsen, Michael},
	journal = {Journal of Universal Computer Science},
	number = {11},
	pages = {1016--1038},
	title = {Finding Plagiarisms among a Set of Programs with {JPlag}},
	volume = {8},
	year = {2002}
}

@inproceedings{Gode2011,
	author = {G{\"{o}}de, Nils and Harder, Jan},
	booktitle = {CSMR '11},
	pages = {65--74},
	title = {Clone Stability},
	year = {2011}
}

@article{Harder2013,
	author = {Harder, Jan and G{\"{o}}de, Nils},
	journal = {Journal of Software: Evolution and Process},
	number = {10},
	pages = {1063--1088},
	title = {Cloned code: stable code},
	volume = {25},
	year = {2013}
}

@inproceedings{Hotta2010,
	author = {Hotta, Keisuke and Sano, Yukiko and Higo, Yoshiki and Kusumoto, Shinji},
	booktitle = {IWPSE-EVOL '10},
	pages = {73},
	title = {Is duplicate code more frequently modified than non-duplicate code in software evolution?},
	year = {2010}
}

@inproceedings{Krinke2008,
	author = {Krinke, Jens},
	booktitle = {SCAM '08},
	pages = {57--66},
	title = {Is Cloned Code More Stable than Non-cloned Code?},
	year = {2008}
}

@inproceedings{Subramanian2013,
	author = {Subramanian, Siddharth and Holmes, Reid},
	booktitle = {MSR '13},
	pages = {85--88},
	title = {Making sense of online code snippets},
	year = {2013}
}

@article{Rosen2016,
	author = {Rosen, Christoffer and Shihab, Emad},
	journal = {Empirical Software Engineering},
	number = {3},
	pages = {1192--1223},
	title = {What are mobile developers asking about? {A} large scale study using {Stack Overflow}},
	volume = {21},
	year = {2016}
}

@article{Cordy2006,
	author = {Cordy, James R.},
	journal = {Science of Computer Programming},
	number = {3},
	pages = {190--210},
	title = {The {TXL} source transformation language},
	volume = {61},
	year = {2006}
}

@inproceedings{Treude2016,
	author = {Treude, Christoph and Robillard, Martin P},
	booktitle = {ICSE '16},
	pages = {392--403},
	title = {Augmenting {API} documentation with insights from {Stack Overflow}},
	year = {2016}
}

@inproceedings{Ahmed2015,
	author = {Ahmed, Tarek M. and Shang, Weiyi and Hassan, Ahmed E.},
	booktitle = {MSR '15},
	pages = {99--110},
	title = {An Empirical Study of the Copy and Paste Behavior during Development},
	year = {2015}
}

@article{Xia2014,
	author = {Xia, Pei and Matsushita, Makoto and Yoshida, Norihiro and Inoue, Katsuro},
	journal = {Information and Media Technologies},
	number = {2},
	pages = {155--161},
	title = {Studying Reuse of Out-dated Third-party Code},
	volume = {9},
	year = {2014}
}

@article{Kapser2008,
	author = {Kapser, Cory J. and Godfrey, Michael W.},
	journal = {Empirical Software Engineering},
	number = {6},
	pages = {645--692},
	title = {“Cloning considered harmful” considered harmful: patterns of cloning in software},
	volume = {13},
	year = {2008}
}

@inproceedings{Acar2016,
	author = {Acar, Yasemin and Backes, Michael and Fahl, Sascha and Kim, Doowon and Mazurek, Michelle L and Stransky, Christian},
	booktitle = {SP '16},
	pages = {289--305},
	title = {You Get Where You're Looking for: The Impact of Information Sources on Code Security},
	year = {2016}
}

@inproceedings{cr2016ssbse,
	author = {Ragkhitwetsagul, Chaiyong and Paixao, Matheus and Adham, Manal and Busari, Saheed and Krinke, Jens and Drake, John H},
	booktitle = {SSBSE '16},
	title = {Searching for Configurations in Clone Evaluation -- A Replication Study},
	year = {2016}
}

@article{Svajlenko2014_jsep,
	author = {Svajlenko, Jeffrey and Keivanloo, Iman and Roy, Chanchal K.},
	journal = {Journal of Software: Evolution and Process},
	title = {Big data clone detection using classical detectors: an exploratory study},
	year = {2014}
}

@inproceedings{Roy2008,
	author = {Roy, Chanchal K. and Cordy, James R.},
	booktitle = {WCRE '08},
	title = {An Empirical Study of Function Clones in Open Source Software},
	year = {2008}
}


@inproceedings{Krinke2010,
	author = {Krinke, Jens and Gold, Nicolas and Jia, Yue and Binkley, David},
	booktitle = {MSR '10},
	pages = {98--101},
	title = {Cloning and copying between {GNOME} projects},
	year = {2010}
}


@article{Cheung2015,
	author = {Cheung, Wai Ting and Ryu, Sukyoung and Kim, Sunghun},
	journal = {Empirical Software Engineering},
	pages = {517--564},
	title = {Development nature matters: An empirical study of code clones in {JavaScript} applications},
	year = {2015}
}

@inproceedings{Mondal2011,
	author = {Mondal, Manishankar and Rahman, Md. Saidur and Saha, Ripon K and Roy, Chanchal K. and Krinke, Jens and Schneider, Kevin A},
	booktitle = {ICPC '11},
	pages = {242--245},
	title = {An Empirical Study of the Impacts of Clones in Software Maintenance},
	year = {2011}
}


@inproceedings{Gode2009,
	author = {G{\"{o}}de, Nils and Koschke, Rainer},
	booktitle = {CSMR '09},
	pages = {219--228},
	title = {Incremental Clone Detection},
	year = {2009}
}


@inproceedings{Wang2013,
	author = {Wang, Tiantian and Harman, Mark and Jia, Yue and Krinke, Jens},
	booktitle = {FSE '13},
	pages = {455--465},
	title = {Searching for Better Configurations: A Rigorous Approach to Clone Evaluation},
	year = {2013}
}


@inproceedings{Sajnani2016,
	author = {Sajnani, Hitesh and Saini, Vaibhav and Svajlenko, Jeffrey and Roy, Chanchal K and Lopes, Cristina V},
	booktitle = {ICSE '16},
	pages = {1157--1168},
	title = {{SourcererCC}: Scaling Code Clone Detection to Big-Code},
	year = {2016}
}

@inproceedings{Cordy,
	author = {Cordy, James R. and Roy, Chanchal K.},
	booktitle = {ICPC '11},
	pages = {3--4},
	title = {The {NiCad} Clone Detector},
	year = {2008}
}

@electronic{cloc, 
	title={cloc--Count Lines of Code}, 	
	Howpublished = {https://github.com/AlDanial/cloc},
	note = {Accessed: 06.11.2016}
} 

@inproceedings{QualitasCorpus,
	author = {Tempero, Ewan and Anslow, Craig and Dietrich, Jens and Han, Ted and Li, Jing and Lumpe, Markus and Melton, Hayden and Noble, James},
	title = {Qualitas Corpus: A Curated Collection of Java Code for Empirical Studies},
	booktitle = {APSEC '10},
	pages = {336--345},
	year = {2010},
}

@inproceedings{DiPenta2010,
	author = {{Di Penta}, Massimiliano and German, Daniel M. and Gu{\'{e}}h{\'{e}}neuc, Yann-Ga{\"{e}}l and Antoniol, Giuliano},
	booktitle = {ICSE '10},
	pages = {145},
	title = {An exploratory study of the evolution of software licensing},
	volume = {1},
	year = {2010}
}

@inproceedings{German2010,
	author = {German, Daniel M. and Manabe, Yuki and Inoue, Katsuro},
	booktitle = {ASE '10},
	pages = {437},
	title = {A sentence-matching method for automatic license identification of source code files},
	year = {2010}
}

@article{Bellon2007,
	author = {Bellon, Stefan and Koschke, Rainer and Antoniol, Giuliano and Krinke, Jens and Merlo, Ettore},
	journal = {Transactions on Software Engineering},
	number = {9},
	pages = {577--591},
	title = {Comparison and evaluation of clone detection tools},
	volume = {33},
	year = {2007}
}

@inproceedings{Saini2016,
	author = {Saini, Vaibhav and Sajnani, Hitesh and Lopes, Cristina},
	booktitle = {ICSE '16},
	pages = {256--266},
	title = {Comparing Quality Metrics for Cloned and non cloned {Java} Methods: A Large Scale Empirical Study},
	year = {2016}
}

@inproceedings{Baxter1998,
	author = {Baxter, I. D. and Yahin, A. and Moura, L. and Sant'Anna, M. and Bier, L.},
	booktitle = {ICSM'98},
	pages = {368--377},
	title = {Clone detection using abstract syntax trees},
	year = {1998}
}

@inproceedings{Ragkhitwetsagul2016,
	author = {Ragkhitwetsagul, Chaiyong and Krinke, Jens and Clark, David},
	booktitle = {SCAM '16},
	pages = {117--126},
	title = {Similarity of Source Code in the Presence of Pervasive Modifications},
	year = {2016}
}

@inproceedings{German2009,
	author = {German, Daniel M. and {Di Penta}, Massimiliano and Gueheneuc, Yann-Gael and Antoniol, Giuliano},
	booktitle = {MSR '09},
	pages = {81--90},
	title = {Code siblings: Technical and legal implications of copying code between applications},
	year = {2009}
}

@inproceedings{Kapser2003,
	author = {Kapser, Cory and Godfrey, Michael W},
	booktitle = {ELISA '03},
	pages = {67--78},
	title = {Toward a Taxonomy of Clones in Source Code: A Case Study},
	year = {2003}
}

@inproceedings{Svajlenko2014,
	author = {Svajlenko, Jeffrey and Roy, Chanchal K.},
	booktitle = {ICSME'14},
	pages = {321--330},
	title = {Evaluating Modern Clone Detection Tools},
	year = {2014}
}

@article{Pate2013,
	author = {Pate, Jeremy R. and Tairas, Robert and Kraft, Nicholas A.},
	journal = {Journal of software: Evolution and Process},
	keywords = {Clone evolution,Code clones,Systematic literature review},
	pages = {261--283},
	title = {Clone evolution: A systematic review},
	volume = {25},
	year = {2013}
}

@inproceedings{Nasehi2012,
	author = {Nasehi, Seyed Mehdi and Sillito, Jonathan and Maurer, Frank and Burns, Chris},
	booktitle = {ICSM '12},
	pages = {25--34},
	title = {What makes a good code example?: A study of programming {Q{\&}A} in {StackOverflow}},
	year = {2012}
}

@inproceedings{Diamantopoulos2015,
	author = {Diamantopoulos, Themistoklis and Symeonidis, Andreas L.},
	booktitle = {MSR '15},
	pages = {454--457},
	title = {Employing source code information to improve question-answering in {Stack Overflow}},
	year = {2015}
}

@inproceedings{Keivanloo2014,
	author = {Keivanloo, Iman and Rilling, Juergen and Zou, Ying},
	booktitle = {ICSE '14},
	pages = {664--675},
	title = {Spotting working code examples},
	year = {2014}
}

@article{Park2014,
	author = {Park, Jin-woo and Lee, Mu-Woong and Roh, Jong-Won and Hwang, Seung-won and Kim, Sunghun},
	journal = {Knowledge and Information Systems},
	number = {3},
	pages = {727--759},
	title = {Surfacing code in the dark: an instant clone search approach},
	volume = {41},
	year = {2014}
}


@inproceedings{Funaro2010,
	author = {Funaro, Marco and Braga, Daniele and Campi, Alessandro and Ghezzi, Carlo},
	booktitle = {IWSC '10},
	pages = {79--80},
	title = {A hybrid approach (syntactic and textual) to clone detection},
	year = {2010}
}

@inproceedings{Kapser2006,
	author = {Kapser, Cory and Godfrey, Michael},
	booktitle = {WCRE '06},
	pages = {19--28},
	title = {"Cloning Considered Harmful" Considered Harmful},
	year = {2006}
}

@article{Kamiya2002,
	author = {Kamiya, Toshihiro and Kusumoto, Shinji and Inoue, Katsuro},
	journal = {Transactions on Software Engineering},
	number = {7},
	pages = {654--670},
	title = {{CCFinder}: a multilinguistic token-based code clone detection system for large scale source code},
	volume = {28},
	year = {2002}
}

@inproceedings{Mondal2012,
	author = {Mondal, Manishankar and Roy, Chanchal K. and Rahman, Md. Saidur and Saha, Ripon K and Krinke, Jens and Schneider, Kevin a},
	booktitle = {SAC '12},
	number = {2},
	pages = {1227},
	title = {Comparative stability of cloned and non-cloned code},
	year = {2012}
}

@inproceedings{Jiang2007a,
	author = {Jiang, Lingxiao and Misherghi, Ghassan and Su, Zhendong and Glondu, Stephane},
	booktitle = {ICSE '07},
	pages = {96--105},
	title = {{DECKARD}: Scalable and Accurate Tree-Based Detection of Code Clones},
	year = {2007}
}

@Misc{simian,
	key = {Simon Harris},
	OPTauthor = {},
	title =	 {Simian--Similarity Analyser},
	howpublished = {\url{http://www.harukizaemon.com/simian}},
	OPTmonth = 	 {},
	year =	 {2015},
	OPTnote = 	 {},
	OPTannote = 	 {}
}

@inproceedings{Taube-Schock2011,
	author = {Taube-Schock, Craig and Walker, Robert J. and Witten, Ian H.},
	booktitle = {ECOOP '11},
	pages = {204--228},
	title = {Can We Avoid High Coupling?},
	year = {2011}
}
@inproceedings{Beckman2011,
	author = {Beckman, Nels E. and Kim, Duri and Aldrich, Jonathan},
	booktitle = {ECOOP '11},
	pages = {2--26},
	title = {An Empirical Study of Object Protocols in the Wild},
	OPTvolume = {6813 LNCS},
	year = {2011}
}
@inproceedings{Omar2012,
	author = {Omar, Cyrus and Yoon, Young Seok and LaToza, Thomas D. and Myers, Brad A.},
	booktitle = {ICSE '12},
	pages = {859--869},
	title = {Active code completion},
	year = {2012}
}
@inproceedings{Vasilescu2011,
	author = {Vasilescu, Bogdan and Serebrenik, Alexander and van den Brand, Mark},
	booktitle = {ICSM '11},
	pages = {313--322},
	title = {You can't control the unfamiliar: A study on the relations between aggregation techniques for software metrics},
	year = {2011}
}

@inproceedings{Ponzanelli2013,
	author = {Ponzanelli, Luca and Bacchelli, Alberto and Lanza, Michele},
	booktitle = {ICSE '13},
	pages = {1295--1298},
	title = {{Seahawk}: {Stack Overflow} in the {IDE}},
	year = {2013}
}

@inproceedings{Wang2014,
	author = {Wang, Shaowei and Lo, David and Vasilescu, Bogdan and Serebrenik, Alexander},
	booktitle = {ICSME '14},
	pages = {291--300},
	title = {{EnTagRec}: An Enhanced Tag Recommendation System for Software Information Sites},
	year = {2014}
}

@inproceedings{Ponzanelli2014,
	author = {Ponzanelli, Luca and Bavota, Gabriele and {Di Penta}, Massimiliano and Oliveto, Rocco and Lanza, Michele},
	booktitle = {MSR '14},
	pages = {102--111},
	title = {Mining {StackOverflow} to turn the {IDE} into a self-confident programming prompter},
	year = {2014}
}

@inproceedings{Bosu2013,
	author = {Bosu, Amiangshu and Corley, Christopher S. and Heaton, Dustin and Chatterji, Debarshi and Carver, Jeffrey C. and Kraft, Nicholas A.},
	booktitle = {MSR '13},
	pages = {89--92},
	title = {Building reputation in {StackOverflow}: An empirical investigation},
	year = {2013}
}

\part{@article{Stolee2014,
	author = {Stolee, Kathryn T and Elbaum, Sebastian and Dobos, Daniel},
	issn = {1049331X},
	journal = {Transactions on Software Engineering and Methodology},
	number = {3},
	pages = {1--45},
	title = {Solving the Search for Source Code},
	volume = {23},
	year = {2014}
}}

@inproceedings{Wang2013_StackOverflow,
	author = {Wang, Shaowei and Lo, David and Jiang, Lingxiao},
	booktitle = {SAC '13},
	pages = {1019--1024},
	title = {An Empirical Study on Developer Interactions in {StackOverflow}},
	year = {2013}
}

@inproceedings{Movshovitz-Attias2013,
	author = {Movshovitz-Attias, Dana and Movshovitz-Attias, Yair and Steenkiste, Peter and Faloutsos, Christos},
	booktitle = {ASONAM '13},
	pages = {886--893},
	title = {Analysis of the reputation system and user contributions on a question answering website: {StackOverflow}},
	year = {2013}
}

@Article{emse,
  author = 	 {Ragkhitwetsagul, Chaiyong  and Krinke, Jens  and Clark, David},
  title = 	 {A Comparison of Code Similarity Analysers},
  journal = 	 {Empirical Software Engineering},
  OPTyear = 	 {},
  OPTkey = 	 {},
  OPTvolume = 	 {},
  OPTnumber = 	 {},
  OPTpages = 	 {},
  OPTmonth = 	 {},
  note =	 {To appear},
  OPTannote = 	 {}
}