@article{Abdalkareem2017,
	author = {Abdalkareem, Rabe and Shihab, Emad and Rilling, Juergen},
	journal = {Information and Software Technology},
	month = {aug},
	pages = {148--158},
	publisher = {Elsevier B.V.},
	title = {On code reuse from StackOverflow: An exploratory study on Android apps},
	year = {2017}
}

@Misc{fairuse,
	key = {Fair Use},
	OPTauthor = {},
	title =	 {Intellectual Property for CS Students: Copyrights - Fair Use},
	howpublished = {\url{https://www.cs.duke.edu/courses/cps182s/fall02/cscopyright/Copyrights/Copyright-Fairuse.htm}},
	OPTmonth = 	 {},
	year =	 {2017},
	OPTnote = 	 {},
	OPTannote = 	 {}
}

@inproceedings{Punter2003,
	author = {Punter, Teade and Ciolkowski, Marcus and Freimut, Bernd and John, Isabel},
	booktitle = {Proceedings of the International Symposium on Empirical Software Engineering (ISESE'03)},
	pages = {80--88},
	title = {Conducting on-line surveys in software engineering},
	year = {2003}
}

@article{Pfleeger2001,
	author = {Pfleeger, Shari Lawrence and Kitchenham, Barbara A.},
	journal = {Software Engineering Notes},
	number = {6},
	pages = {16},
	title = {Principles of survey research Part 1: Turning Lemons into Lemonade},
	volume = {26},
	year = {2001}
}

@article{Kitchenham2002,
	author = {Kitchenham, Barbara A. and Pfleeger, Shari Lawrence},
	journal = {Software Engineering Notes},
	number = {1},
	pages = {18--20},
	title = {{Principles of Survey Research Part 2 : Designing a Survey Sample size Experimental designs}},
	volume = {27},
	year = {2002}
}

@inproceedings{German2010,
	author = {German, Daniel M. and Manabe, Yuki and Inoue, Katsuro},
	booktitle = {ASE '10},
	pages = {437},
	title = {A sentence-matching method for automatic license identification of source code files},
	year = {2010}
}

@inproceedings{An2017,
	author = {An, Le and Mlouki, Ons and Khomh, Foutse and Antoniol, Giuliano},
	booktitle = {SANER '17},
	title = {{Stack Overflow}: A Code Laundering Platform?},
	year = {2017}
}

@inproceedings{Acar2016,
	author = {Acar, Yasemin and Backes, Michael and Fahl, Sascha and Kim, Doowon and Mazurek, Michelle L and Stransky, Christian},
	booktitle = {SP '16},
	pages = {289--305},
	title = {You Get Where You're Looking for: The Impact of Information Sources on Code Security},
	year = {2016}
}

@inproceedings{Yang2017,
	author = {Yang, Di and Martins, Pedro and Saini, Vaibhav and Lopes, Cristina},
	booktitle = {Proceedings of the International Conference on Mining Software Repositories (MSR '17)},
	title = {{Stack Overflow} in {Github}: Any Snippets There?},
	year = {2017}
}

@inproceedings{DiPenta2010,
	author = {{Di Penta}, Massimiliano and German, Daniel M. and Gu{\'{e}}h{\'{e}}neuc, Yann-Ga{\"{e}}l and Antoniol, Giuliano},
	booktitle = {ICSE '10},
	pages = {145},
	title = {An exploratory study of the evolution of software licensing},
	volume = {1},
	year = {2010}
}

@article{Xia2014,
	author = {Xia, Pei and Matsushita, Makoto and Yoshida, Norihiro and Inoue, Katsuro},
	journal = {Information and Media Technologies},
	number = {2},
	pages = {155--161},
	title = {Studying Reuse of Out-dated Third-party Code},
	volume = {9},
	year = {2014}
}

@inproceedings{German2009,
	author = {German, Daniel M. and {Di Penta}, Massimiliano and Gueheneuc, Yann-Gael and Antoniol, Giuliano},
	booktitle = {MSR '09},
	pages = {81--90},
	title = {Code siblings: Technical and legal implications of copying code between applications},
	year = {2009}
}

@inproceedings{Ponzanelli2013,
	author = {Ponzanelli, Luca and Bacchelli, Alberto and Lanza, Michele},
	booktitle = {ICSE '13},
	pages = {1295--1298},
	title = {{Seahawk}: {Stack Overflow} in the {IDE}},
	year = {2013}
}

@inproceedings{Wang2014,
	author = {Wang, Shaowei and Lo, David and Vasilescu, Bogdan and Serebrenik, Alexander},
	booktitle = {ICSME '14},
	pages = {291--300},
	title = {{EnTagRec}: An Enhanced Tag Recommendation System for Software Information Sites},
	year = {2014}
}

@inproceedings{Ponzanelli2014,
	author = {Ponzanelli, Luca and Bavota, Gabriele and {Di Penta}, Massimiliano and Oliveto, Rocco and Lanza, Michele},
	booktitle = {MSR '14},
	pages = {102--111},
	title = {Mining {StackOverflow} to turn the {IDE} into a self-confident programming prompter},
	year = {2014}
}

@inproceedings{Keivanloo2014,
	author = {Keivanloo, Iman and Rilling, Juergen and Zou, Ying},
	booktitle = {ICSE '14},
	pages = {664--675},
	title = {Spotting working code examples},
	year = {2014}
}

@article{Park2014,
	author = {Park, Jin-woo and Lee, Mu-Woong and Roh, Jong-Won and Hwang, Seung-won and Kim, Sunghun},
	journal = {Knowledge and Information Systems},
	number = {3},
	pages = {727--759},
	title = {Surfacing code in the dark: an instant clone search approach},
	volume = {41},
	year = {2014}
}

@article{Stolee2014,
	author = {Stolee, Kathryn T and Elbaum, Sebastian and Dobos, Daniel},
	issn = {1049331X},
	journal = {Transactions on Software Engineering and Methodology},
	number = {3},
	pages = {1--45},
	title = {Solving the Search for Source Code},
	volume = {23},
	year = {2014}
}

@inproceedings{Subramanian2013,
	author = {Subramanian, Siddharth and Holmes, Reid},
	booktitle = {MSR '13},
	pages = {85--88},
	title = {Making sense of online code snippets},
	year = {2013}
}

@inproceedings{Diamantopoulos2015,
	author = {Diamantopoulos, Themistoklis and Symeonidis, Andreas L.},
	booktitle = {MSR '15},
	pages = {454--457},
	title = {Employing source code information to improve question-answering in {Stack Overflow}},
	year = {2015}
}

@inproceedings{Treude2016,
	author = {Treude, Christoph and Robillard, Martin P},
	booktitle = {ICSE '16},
	pages = {392--403},
	title = {Augmenting {API} documentation with insights from {Stack Overflow}},
	year = {2016}
}

@inproceedings{Nasehi2012,
	author = {Nasehi, Seyed Mehdi and Sillito, Jonathan and Maurer, Frank and Burns, Chris},
	booktitle = {ICSM '12},
	pages = {25--34},
	title = {What makes a good code example?: A study of programming {Q{\&}A} in {StackOverflow}},
	year = {2012}
}

@inproceedings{Yang2016,
	author = {Yang, Di and Hussain, Aftab and Lopes, Cristina Videira},
	booktitle = {MSR '16},
	pages = {391--402},
	title = {From Query to Usable Code: An Analysis of {Stack Overflow} Code Snippets},
	year = {2016}
}

@inproceedings{Wang2013_StackOverflow,
	author = {Wang, Shaowei and Lo, David and Jiang, Lingxiao},
	booktitle = {SAC '13},
	pages = {1019--1024},
	title = {An Empirical Study on Developer Interactions in {StackOverflow}},
	year = {2013}
}

@inproceedings{Movshovitz-Attias2013,
	author = {Movshovitz-Attias, Dana and Movshovitz-Attias, Yair and Steenkiste, Peter and Faloutsos, Christos},
	booktitle = {ASONAM '13},
	pages = {886--893},
	title = {Analysis of the reputation system and user contributions on a question answering website: {StackOverflow}},
	year = {2013}
}

@article{Rosen2016,
	author = {Rosen, Christoffer and Shihab, Emad},
	journal = {Empirical Software Engineering},
	number = {3},
	pages = {1192--1223},
	title = {What are mobile developers asking about? A large scale study using {Stack Overflow}},
	volume = {21},
	year = {2016}
}

@inproceedings{Choetkiertikul2015,
	author = {Choetkiertikul, Morakot and Avery, Daniel and Dam, Hoa Khanh and Tran, Truyen and Ghose, Aditya},
	booktitle = {ASWEC '15},
	pages = {155--164},
	title = {Who Will Answer My Question on {Stack Overflow?}},
	year = {2015}
}

@inproceedings{Bosu2013,
	author = {Bosu, Amiangshu and Corley, Christopher S. and Heaton, Dustin and Chatterji, Debarshi and Carver, Jeffrey C. and Kraft, Nicholas A.},
	booktitle = {MSR '13},
	pages = {89--92},
	title = {Building reputation in {StackOverflow}: An empirical investigation},
	year = {2013}
}