@inproceedings{An2017,
	author = {An, Le and Mlouki, Ons and Khomh, Foutse and Antoniol, Giuliano},
	booktitle = {SANER '17},
	title = {{Stack Overflow}: A Code Laundering Platform?},
	year = {2017}
}