@inproceedings{An2017,
	author = {An, Le and Mlouki, Ons and Khomh, Foutse and Antoniol, Giuliano},
	booktitle = {SANER '17},
	title = {{Stack Overflow}: A Code Laundering Platform?},
	year = {2017}
}

@inproceedings{Sajnani2016,
	author = {Sajnani, Hitesh and Saini, Vaibhav and Svajlenko, Jeffrey and Roy, Chanchal K and Lopes, Cristina V},
	booktitle = {ICSE'16},
	pages = {1157--1168},
	title = {{SourcererCC}: Scaling Code Clone Detection to Big-Code},
	year = {2016}
}

@article{Bellon2007,
	author = {Bellon, Stefan and Koschke, Rainer and Antoniol, Giuliano and Krinke, Jens and Merlo, Ettore},
	journal = {TSE},
	number = {9},
	pages = {577--591},
	title = {{Comparison and evaluation of clone detection tools}},
	volume = {33},
	year = {2007}
}

@inproceedings{Kim2018,
	author = {Kim, Kisub and Kim, Dongsun and Bissyande, Tegawende F and Choi, Eunjong and Li, Li and Klein, Jacques and Traon, Yves Le},
	booktitle = {ICSE'18},
	title = {{FaCoY -- A Code-to-Code Search Engine}},
	year = {2018}
}

@inproceedings{German2010,
	author = {German, Daniel M. and Manabe, Yuki and Inoue, Katsuro},
	booktitle = {ASE '10},
	pages = {437},
	title = {A sentence-matching method for automatic license identification of source code files},
	year = {2010}
}

@inproceedings{Acar2016,
	author = {Acar, Yasemin and Backes, Michael and Fahl, Sascha and Kim, Doowon and Mazurek, Michelle L and Stransky, Christian},
	booktitle = {SP '16},
	pages = {289--305},
	title = {You Get Where You're Looking for: The Impact of Information Sources on Code Security},
	year = {2016}
}

@inproceedings{Zhang2018,
	author = {Zhang, Tianyi and Upadhyaya, Ganesha and Reinhardt, Anastasia and Rajan, Hridesh and Kim, Miryung},
	booktitle = {ICSE'18},
	title = {Are Online Code Examples Reliable ? An Empirical Study of {API} Misuse on {Stack Overflow}},
	year = {2018}
}

@inproceedings{Baltes2017,
	author = {Baltes, Sebastian and Kiefer, Richard and Diehl, Stephan},
	booktitle = {Proceedings of the 39th International Conference on Software Engineering Companion (ICSE-C'17)},
	pages = {161--163},
	title = {Attribution Required: {Stack Overflow} Code Snippets in {GitHub} Projects},
	year = {2017}
}

@techreport{CORSI2017,
	author = {BlackDuck CORSI, Black Duck},
	title = {2017 {BlackDuck} open source security and risk analysis},
	year = {2017}
}
